<?xml version="1.0" encoding="UTF-8"?><collection xmlns="http://www.loc.gov/MARC21/slim"><record><leader>00707nam--2200205-u-4500</leader><controlfield tag="001">000053918</controlfield><controlfield tag="002">20161230</controlfield><controlfield tag="005">20161230201051</controlfield><controlfield tag="008">110707s1000------------r-----000-0-eng-d</controlfield><datafield ind1=" " ind2=" " tag="020"><subfield code="a">0854981497</subfield></datafield><datafield ind1=" " ind2=" " tag="040"><subfield code="a">IFIN-HH</subfield></datafield><datafield ind1=" " ind2=" " tag="080"><subfield code="a">537.222.2:538.956(061.3)</subfield></datafield><datafield ind1="1" ind2=" " tag="100"><subfield code="a">Goodman, C.H.L</subfield></datafield><datafield ind1="1" ind2="0" tag="245"><subfield code="a">Physics of dielectric solids, 1980</subfield><subfield code="b">Invited papers presented at the conference on physics of dielectric solids, held at the university of kent at canterbury, 8-11 september 1980</subfield><subfield code="c">C.h.l. goodman (ed.)</subfield></datafield><datafield ind1=" " ind2=" " tag="260"><subfield code="a">Bristol</subfield><subfield code="b">The Institute Of Physics</subfield><subfield code="c">1980</subfield></datafield><datafield ind1=" " ind2=" " tag="300"><subfield code="a">151P</subfield></datafield><datafield ind1=" " ind2=" " tag="490"><subfield code="a">Conference Series</subfield><subfield code="v">Number 58</subfield></datafield><datafield ind1=" " ind2="4" tag="650"><subfield code="a">Dielectrics</subfield></datafield><datafield ind1=" " ind2=" " tag="852"><subfield code="a">70241</subfield><subfield code="c">537.226</subfield></datafield><datafield ind1=" " ind2=" " tag="CAT"><subfield code="a">Sys</subfield><subfield code="c">20110707</subfield><subfield code="h">102458</subfield></datafield></record></collection>